<record><leader>00000cas a22000001a 4500</leader><controlfield tag="001">32417058</controlfield><controlfield tag="007">hd bfb016baaa</controlfield><controlfield tag="008">950504u1931uuuumiumr nea     0    0bul d</controlfield><datafield ind1=" " ind2=" " tag="010"><subfield code="a">sn 94087697 </subfield></datafield><datafield ind1=" " ind2=" " tag="040"><subfield code="a">NN</subfield><subfield code="b">eng</subfield><subfield code="c">RQM</subfield><subfield code="d">OCLCQ</subfield><subfield code="d">OCLCF</subfield><subfield code="d">OCLCO</subfield></datafield><datafield ind1=" " ind2=" " tag="012"><subfield code="i">9505</subfield></datafield><datafield ind1="1" ind2=" " tag="029"><subfield code="a">AU@</subfield><subfield code="b">000011681408</subfield></datafield><datafield ind1="0" ind2=" " tag="041"><subfield code="a">buleng</subfield></datafield><datafield ind1=" " ind2=" " tag="042"><subfield code="a">msc</subfield></datafield><datafield ind1="0" ind2="0" tag="245"><subfield code="a">Balkansko sdruzhenie</subfield><subfield code="h">[microform] =</subfield><subfield code="b">Balkan unification.</subfield></datafield><datafield ind1="3" ind2="1" tag="246"><subfield code="a">Balkan unification</subfield></datafield><datafield ind1=" " ind2=" " tag="260"><subfield code="a">Detroit, Mich. :</subfield><subfield code="b">[s.n.],</subfield><subfield code="c">1931-</subfield></datafield><datafield ind1=" " ind2=" " tag="300"><subfield code="a">v.</subfield></datafield><datafield ind1=" " ind2=" " tag="310"><subfield code="a">Monthly</subfield></datafield><datafield ind1="0" ind2=" " tag="362"><subfield code="a">God 1, br. 1 (i&#65056;u&#65057;ni, 1931)-</subfield></datafield><datafield ind1=" " ind2=" " tag="546"><subfield code="a">In Bulgarian with articles in English.</subfield></datafield><datafield ind1=" " ind2=" " tag="550"><subfield code="a">&quot;Mesechen organ na makedonskii&#65056;a&#65057; naroden su&#774;i&#65056;u&#65057;z v Amerika.&quot;</subfield></datafield><datafield ind1=" " ind2=" " tag="533"><subfield code="a">Microfilm.</subfield><subfield code="m">god 1-4 (i&#65056;u&#65057;ni 1931-i&#65056;u&#65057;ni 1934):[Gaps]</subfield><subfield code="b">New York :</subfield><subfield code="c">New York Public Library,</subfield><subfield code="d">[19--].</subfield><subfield code="e">1 microfilm reel ; 35 mm.</subfield></datafield><datafield ind1=" " ind2="0" tag="650"><subfield code="a">Macedonians</subfield><subfield code="z">United States</subfield><subfield code="v">Newspapers.</subfield></datafield><datafield ind1=" " ind2="0" tag="650"><subfield code="a">Macedonian Americans</subfield><subfield code="v">Newspapers.</subfield></datafield><datafield ind1=" " ind2="0" tag="650"><subfield code="a">Bulgarians</subfield><subfield code="z">United States</subfield><subfield code="v">Newspapers.</subfield></datafield><datafield ind1=" " ind2="0" tag="650"><subfield code="a">Bulgarian Americans</subfield><subfield code="v">Newspapers.</subfield></datafield><datafield ind1=" " ind2="7" tag="655"><subfield code="a">Newspapers.</subfield><subfield code="2">fast</subfield><subfield code="0">(OCoLC)fst01423814</subfield></datafield><datafield ind1=" " ind2="7" tag="650"><subfield code="a">Bulgarian Americans.</subfield><subfield code="2">fast</subfield><subfield code="0">(OCoLC)fst00841238</subfield></datafield><datafield ind1=" " ind2="7" tag="650"><subfield code="a">Bulgarians.</subfield><subfield code="2">fast</subfield><subfield code="0">(OCoLC)fst00841374</subfield></datafield><datafield ind1=" " ind2="7" tag="650"><subfield code="a">Macedonian Americans.</subfield><subfield code="2">fast</subfield><subfield code="0">(OCoLC)fst01004683</subfield></datafield><datafield ind1=" " ind2="7" tag="650"><subfield code="a">Macedonians.</subfield><subfield code="2">fast</subfield><subfield code="0">(OCoLC)fst01004739</subfield></datafield><datafield ind1=" " ind2="7" tag="651"><subfield code="a">United States.</subfield><subfield code="2">fast</subfield><subfield code="0">(OCoLC)fst01204155</subfield></datafield><datafield ind1="2" ind2=" " tag="710"><subfield code="a">Makedonski naroden su&#774;i&#65056;u&#65057;z v Amerika.</subfield></datafield><datafield ind1=" " ind2=" " tag="752"><subfield code="a">United States</subfield><subfield code="b">Michigan</subfield><subfield code="c">Wayne</subfield><subfield code="d">Detroit.</subfield></datafield><datafield ind1="1" ind2=" " tag="776"><subfield code="c">Original</subfield><subfield code="w">(DLC)sn 89070124</subfield></datafield><datafield ind1=" " ind2=" " tag="850"><subfield code="a">NN</subfield><subfield code="a">NN (master)</subfield></datafield></record>